
@article{Fels1997,
author = {Fels, Mark and Olver, Peter J},
doi = {10.1007/s002080050097},
journal = {Mathematische Annalen},
number = {4},
pages = {701--732},
title = {{On relative invariants}},
volume = {308},
year = {1997}
}
@article{Hoff2013,
author = {Hoff, Daniel J and Olver, Peter J},
doi = {10.1007/s10851-012-0358-7},
journal = {Journal of Mathematical Imaging and Vision},
number = {2},
pages = {176--185},
title = {{Extensions of Invariant Signatures for Object Recognition}},
volume = {45},
year = {2013}
}
@article{Celledoni2016,
author = {Celledoni, Elena and Eslitzbichler, Markus and Schmeding, Alexander},
doi = {10.3934/jgm.2016008},
journal = {Journal of Geometric Mechanics},
number = {3},
pages = {273--304},
title = {{Shape analysis on Lie groups with applications in computer animation}},
volume = {8},
year = {2016}
}
@article{Beffa1999,
author = {Beffa, Gloria Mari and Olver, Peter J},
journal = {Communications in Analysis and Geometry},
number = {4},
pages = {807--839},
title = {{Differential invariants for parametrized projective surfaces}},
volume = {7},
year = {1999}
}
@incollection{Olver2005,
author = {Olver, Peter J},
booktitle = {Computer Algebra and Geometric Algebra with Applications},
pages = {105--138},
title = {{A Survey of Moving Frames}},
year = {2005}
}
@article{Olver2013,
author = {Olver, Peter J},
doi = {10.1007/s10208001001},
journal = {Foundations of Computational Mathematics},
number = {1},
pages = {3--68},
title = {{Joint Invariant Signatures}},
volume = {1},
year = {2013}
}
@article{Hubert2007,
author = {Hubert, Evelyne and Olver, Peter J},
journal = {SIGMA},
title = {{Differential invariants of conformal and projective surfaces}},
url = {http://www.emis.ams.org/journals/SIGMA/2007/097/sigma07-097.pdf},
year = {2007}
}
@article{Olver2018,
author = {Olver, Peter J and Valiquette, Francis},
doi = {10.1007/s00025-018-0818-5},
journal = {Results in Mathematics},
number = {2},
pages = {1--57},
title = {{Recursive Moving Frames for Lie Pseudo-Groups}},
volume = {73},
year = {2018}
}
@article{Calabi1998,
author = {Calabi, Eugenio and Olver, Peter J and Shakiban, Chehrzad and Tannenbaum, Allen and Haker, Steven},
journal = {International Journal of Computer Vision},
number = {2},
pages = {107--135},
title = {{Differential and numerically invariant signature curves applied to object recognition}},
volume = {26},
year = {1998}
}
@article{Olver2007,
author = {Olver, Peter J},
doi = {10.1016/j.jmaa.2006.12.029},
journal = {Journal of Mathematical Analysis and Applications},
number = {1},
pages = {450--471},
title = {{Generating differential invariants}},
volume = {333},
year = {2007}
}
@article{Florack1993a,
author = {Florack, L. M.J. and {Ter Haar Romeny}, B. M. and Koenderink, J. J. and Viergever, M. A.},
doi = {10.1007/BF01664793},
journal = {Journal of Mathematical Imaging and Vision},
number = {4},
pages = {327--348},
title = {{Cartesian differential invariants in scale-space}},
volume = {3},
year = {1993}
}
@article{Kraft2002,
author = {Kraft, H and Procesi, C},
number = {July},
pages = {128},
title = {{Classical invariant theory, a primer}},
year = {2002}
}
@article{Suk2000,
author = {Suk, Tom{\'{a}}{\v{s}} and Flusser, Jan},
doi = {10.1016/S0031-3203(99)00049-7},
journal = {Pattern Recognition},
number = {2},
pages = {251--261},
title = {{Point-based projective invariants}},
volume = {33},
year = {2000}
}
@article{Reddy1996,
author = {Reddy, B. Srinivasa and Chatterji, B.N.},
journal = {IEEE Transactions on Image Processing},
number = {8},
pages = {1266--1271},
title = {{An FFT-Based Technique for Translation, Rotation, and Scale-Invariant Image Registration}},
volume = {5},
year = {1996}
}
@article{VanGool1995,
author = {{Van Gool}, L and Moons, T and Pauwels, E J and Oosterlinck, A},
doi = {10.1016/0262-8856(95)99715-D},
journal = {Image and Vision Computing},
pages = {259--277},
title = {{Vision and Lie's approach to invariance}},
volume = {13},
year = {1995}
}
@article{Suk2004,
author = {Suk, Tom{\'{a}}{\v{s}} and Flusser, Jan},
journal = {IEEE Transactions on Pattern Analysis and Machine Intelligence},
number = {10},
pages = {1364--1367},
title = {{Projective Moment Invariants}},
volume = {26},
year = {2004}
}
@article{Beffa1999,
author = {Beffa, Gloria Mari and Olver, Peter J},
journal = {Communications in Analysis and Geometry},
number = {4},
pages = {807--839},
title = {{Differential invariants for parametrized projective surfaces}},
volume = {7},
year = {1999}
}
@article{Wood1996,
author = {Wood, Jeffrey},
doi = {10.1016/0031-3203(95)00069-0},
journal = {Pattern Recognition},
number = {1},
pages = {1--17},
title = {{Invariant pattern recognition: A review}},
volume = {29},
year = {1996}
}
@article{Feng2010,
author = {Feng, S. and Kogan, Irina A and Krim, Hamid},
title = {{Classification of curves in 2D and 3D via affine integral signatures}},
journal = "Acta Applicandae Mathematicae",
volume  = 109, 
pages = 903--937",
year = {2010}
}
@article{Zhang2019,
author = {Zhang, Xinhua and Williams, Lance R.},
doi = {10.1109/WACV.2019.00038},
journal = {Proceedings - 2019 IEEE Winter Conference on Applications of Computer Vision, WACV 2019},
pages = {303--311},
title = {{Euclidean invariant recognition of 2D shapes using histograms of magnitudes of local fourier-mellin descriptors}},
year = {2019}
}
@article{Veblen1872,
author = {Veblen, Oswald},
title = {{Differential invariants and geometry}},
year = {1872}
}
@incollection{Gauthier2008,
author = {Gauthier, Jean-Paul and Smach, Fethi and Lema{\^{i}}tre, Cedric and Miteran, Johel},
booktitle = {Mathematical Control Theory and Finance},
pages = {161--186},
title = {{Finding invariants of group actions on function spaces, a general methodology from non-Abelian harmonic analysis}},
year = {2008}
}
@article{Kakarala2011,
author = {Kakarala, Ramakrishna and Kaliamoorthi, Prabhu and Li, Wanqing},
doi = {10.1109/CVPRW.2011.5981785},
journal = {Cvpr 2011 Workshops},
month = {jun},
pages = {57--62},
publisher = {Ieee},
title = {{Viewpoint invariants from three-dimensional data: The role of reflection in human activity understanding}},
year = {2011}
}
@inproceedings{St2009,
author = {Arora, Raman and Hu, Yu Hen and Dyer, Charles},
booktitle = {Proceedings of the 2009 IEEE International Conference on Acoustics, Speech and Signal Processing},
file = {:Users/marslast/Library/Application Support/Mendeley Desktop/Downloaded/Arora et al. - 2009 - Estimating correspondence between multiple cameras using joint invariants.pdf:pdf},
isbn = {9781424423545},
pages = {805--808},
title = {{Estimating correspondence between multiple cameras using joint invariants}},
year = {2009}
}
@article{Hickman2011,
author = {Hickman, Mark},
doi = {10.1007/s10851-011-0323-x},
journal = {J. Math. Imaging Vis.},
title = {{Geometric Moments and their Invariants}},
year = {2011}
}
@article{Abu-Mostafa1984,
author = {Abu-Mostafa, Yaser S. and Psaltis, Demetri},
doi = {10.1109/TPAMI.1984.4767594},
journal = {IEEE Transactions on Pattern Analysis and Machine Intelligence},
volume = {6},
pages = {698--706},
title = {{Recognitive Aspects of Moment Invariants}},
year = {1984}
}
@article{Patterson1928,
author = {Patterson, Boyd C},
journal = {American Journal of Mathematics},
number = {4},
pages = {553--568},
title = {{The Differential Invariants of Inversive Geometry}},
volume = {50},
year = {1928}
}
@article{Faugeras1994,
author = {Faugeras, Olivier},
journal = {Applications of Invariance in Computer Vision},
keywords = {Cartan,Moving Frame,Projective Geometry},
number = {2053},
pages = {11--46},
title = {{Cartan's Moving Frame Method and its Application to the Geometry and Evolution of Curves in the Euclidean, Affine and Projective Planes}},
volume = {825},
year = {1994}
}
@article{Manay2006,
author = {Manay, Siddharth and Cremers, Daniel and Hong, Byung-Woo and Yezzi, Anthony and Soatto, Stefano},
doi = {10.1109/TPAMI.2006.208},
journal = {IEEE transactions on pattern analysis and machine intelligence},
number = {10},
pages = {1602--18},
title = {{Integral invariants for shape matching.}},
volume = {28},
year = {2006}
}
@article{Smach2007,
author = {Smach, Fethi and Lema{\^{i}}tre, Cedric and Gauthier, Jean-Paul and Miteran, Johel and Atri, Mohamed},
doi = {10.1007/s10851-007-0036-3},
journal = {Journal of Mathematical Imaging and Vision},
number = {1},
pages = {43--71},
title = {{Generalized Fourier Descriptors with Applications to Objects Recognition inÂ SVM Context}},
volume = {30},
year = {2007}
}
@article{Scott1989,
author = {Scott, Richard},
journal = {Mathematics Magazine},
number = {1},
pages = {28 -- 35},
title = {{Differential Invariants of Curves in Projective Space}},
volume = {62},
year = {1989}
}
@article{Olver2007,
author = {Olver, Peter J},
doi = {10.1016/j.jmaa.2006.12.029},
journal = {Journal of Mathematical Analysis and Applications},
number = {1},
pages = {450--471},
title = {{Generating differential invariants}},
volume = {333},
year = {2007}
}
@article{Bouton1898,
author = {Bouton, Charles L},
journal = {Proceedings of the American Mathematical Society},
pages = {313--322},
title = {{Some examples of differential invariants}},
year = {1898}
}
@unpublished{Gros1992,
author = {Gros, P and Quan, L},
pages = {47},
title = {{Projective Invariants for Vision}},
year = {2011}
}
@article{Nadiia2017,
author = {Nadiia, Konovenko and Valentin, Lychagin},
doi = {10.3934/jgm.2017008},
journal = {Journal of Geometric Mechanics},
number = {2},
pages = {191--206},
title = {{Mobius invariants in image recognition}},
volume = {9},
year = {2017}
}
@article{Kakarala2010,
author = {Kakarala, Ramakrishna and Mao, Dansheng},
doi = {10.1109/CVPR.2010.5540222},
journal = {2010 IEEE Computer Society Conference on Computer Vision and Pattern Recognition},
pages = {105--112},
publisher = {Ieee},
title = {{A theory of phase-sensitive rotation invariance with spherical harmonic and moment-based representations}},
year = {2010}
}
@article{Reisert2006,
author = {Reisert, Marco and Burkhardt, Hans},
pages = {1--10},
title = {{Using Irreducible Group Representations for Invariant 3D Shape Description}},
year = {2006}
}
@article{Flusser2009,
author = {Flusser, Jan and Kautsky, Jaroslav and {\v{S}}roubek, Filip},
doi = {10.1007/s11263-009-0259-4},
journal = {International Journal of Computer Vision},
number = {1},
pages = {72--86},
title = {{Implicit Moment Invariants}},
volume = {86},
year = {2009}
}
@unpublished{Zhao,
author = {Zhao, Jun},
pages = {1--4},
title = {{Discrete Invariants of Curves and Surfaces: the Solution to Occluded Curve Problems}},
volume = {0}
}
@article{Reddy1996,
author = {Reddy, B. Srinivasa and Chatterji, B.N.},
journal = {IEEE Transactions on Image Processing},
number = {8},
pages = {1266--1271},
title = {{An FFT-Based Technique for Translation, Rotation, and Scale-Invariant Image Registration}},
volume = {5},
year = {1996}
}
@article{Fels1997,
author = {Fels, Mark and Olver, Peter J},
doi = {10.1007/s002080050097},
journal = {Mathematische Annalen},
number = {4},
pages = {701--732},
title = {{On relative invariants}},
volume = {308},
year = {1997}
}
@article{VanGool1995,
author = {{Van Gool}, L and Moons, T and Pauwels, E J and Oosterlinck, A},
doi = {10.1016/0262-8856(95)99715-D},
journal = {Image and Vision Computing},
pages = {259--277},
title = {{Vision and Lie's approach to invariance}},
volume = {13},
year = {1995}
}
@article{Cairns1994,
author = {Cairns, Grant and Sharpe, Richard and Webb, Lynette},
number = {3},
pages = {933--959},
title = {{Conformal invariants for curves and surfaces in three-dimensional space forms}},
volume = {24},
year = {1994}
}
@incollection{Taubin1992,
author = {Taubin, Gabriel and Cooper, David B},
booktitle = {Geometric Invariance in Computer Vision},
pages = {375--397},
title = {{Object Recognition Based on Moment ( or Algebraic ) Invariants}},
year = {1992}
}
@inproceedings{Negrinho2013,
author = {Negrinho, Renato MP and Aguiar, Pedro MQ},
booktitle = {IEEE International Conference on Image Processing},
title = {{Shape Representation via Elementary Symmetric Polynomials: A Complete Invariant Inspired by the Bispectrum}},
year = {2013}
}
@article{Ghorbel1994,
author = {Ghorbel, Faouzi},
journal = {Pattern Recognition Letters},
keywords = {completeness},
pages = {1043--1051},
title = {{A complete invariant description for gray-level images by the harmonic analysis approach}},
volume = {15},
year = {1994}
}
@article{Papakostas2013,
author = {Papakostas, G.A. and Koulouriotis, D.E. and Karakasis, E.G. and Tourassis, V.D.},
doi = {10.1016/j.neucom.2012.06.031},
journal = {Neurocomputing},
keywords = {Computer-robotic vision,Feature extraction,Image moments,Local binary patterns,Moment invariants,Momentgram,Pattern recognition},
pages = {358--371},
publisher = {Elsevier},
title = {{Moment-based local binary patterns: A novel descriptor for invariant pattern recognition applications}},
volume = {99},
year = {2013}
}
@article{Veblen1872,
author = {Veblen, Oswald},
file = {:Users/marslast/Library/Application Support/Mendeley Desktop/Downloaded/Veblen - 1872 - Differential invariants and geometry.pdf:pdf},
title = {{Differential invariants and geometry}},
year = {1872}
}
